# Bibfile for Realtime Counting Report

@manual{placek:2022, 
    title={Car Production: Number of Cars Produced Worldwide Since 2000}, 
    url={https://www.statista.com/statistics/262747/worldwide-automobile-production-since-2000/}, 
    year={2022 (accessed March 16, 2022)},
}

@article{compareyolo345:2022,
    title={Comparing YOLOv3, YOLOv4 and YOLOv5 for Autonomous Landing Spot Detection in Faulty UAVs},
    author={Nepal, Upesh and Eslamiat, Hossein},
    journal={Sensors},
    year={2022},
    publisher={Multidisciplinary Digital Publishing Institute}
}

@manual{yolov5git:2022, 
     title={YOLOv5 GitHub}, 
     url={https://github.com/ultralytics/yolov5}, 
     year={2022 (accessed March 16, 2022)},
}

@article{yolov4:2020,
    author = {Bochkovskiy, Alexey and Wang, Chien-Yao and Liao, Hong-Yuan Mark},
    journal = {ArXiv},
    title = {YOLOv4: Optimal Speed and Accuracy of Object Detection},
    year = {2020}
}

@article{efficentdet:2019,
  author    = {Mingxing Tan, Ruoming Pang and Quoc V. Le},
  title     = {EfficientDet: Scalable and Efficient Object Detection},
  journal   = {ArXiv},
  year      = {2019},
}

@article{efficientnet:2019,
  author    = {Mingxing Tan and Quoc V. Le},
  title     = {EfficientNet: Rethinking Model Scaling for Convolutional Neural Networks},
  journal   = {ArXiv},
  year      = {2019},
}
